@inproceedings{paper1_ordered_list,
    author = {Bender, Michael and Cole, Richard and Demaine, Erik and Farach-Colton, Martin and Zito, Jack},
    title = {Two Simplified Algorithms for Maintaining Order in a List},
    booktitle = {Proceedings of the 10th Annual European Symposium on Algorithms (ESA 2002)},
    publisher = "Springer Berlin Heidelberg",
    year = {2002},
    pages = {152-164},
    url = {\url{https://www.researchgate.net/publication/2865732_Two_Simplified_Algorithms_for_Maintaining_Order_in_a_List}},
    isbn = {978-3-540-45749-7},
    doi = {10.1007/3-540-45749-6_17},
}

@inproceedings{paper2_file_maintenance,
    author = {Bender, Michael and Fineman, Jeremy and Gilbert, Seth and Kopelowitz, Tsvi and Montes, Pablo},
    title = {File Maintenance: When in Doubt, Change the Layout!},
    booktitle = {Proceedings of the 2017 Annual ACM-SIAM Symposium on Discrete Algorithms (SODA)},
    year = {2017},
    month = {01},
    pages = {1503-1522},
    url = {\url{https://www.researchgate.net/publication/312077958_File_Maintenance_When_in_Doubt_Change_the_Layout}},
    doi = {10.1137/1.9781611974782.98},
}

@inproceedings{paper3_1988,
    author = {Dietz, Paul and Sleator, Daniel},
    year = {1987},
    month = {01},
    pages = {},
    isbn = {0897912217},
    publisher = {Association for Computing Machinery},
    address = {New York, NY, USA},
    title = {Two Algorithms for Maintaining Order in a List},
    booktitle = {Proceedings of the Nineteenth Annual ACM Symposium on Theory of Computing},
    pages = {365–372},
    journal = {Proc. STOC},
    series = {STOC '87},
    url = {\url{https://doi.org/10.1145/28395.28434}},
    doi = {10.1145/28395.28434},
}

@misc{ wiki_order-maintenance_problem,
    author = {Wikipedia contributors},
    title = {Order-maintenance problem --- {Wikipedia}{,} The Free Encyclopedia},
    year = {2022},
    howpublished = {\url{https://en.wikipedia.org/w/index.php?title=Order-maintenance_problem&oldid=1107672779}},
    note = {[Online; accessed 16-October-2022]},
  }
  
@misc{ wiki_list-labeling,
    author = {Wikipedia contributors},
    title = {List-labeling problem --- {Wikipedia}{,} The Free Encyclopedia},
    year = {2022},
    howpublished = "\url{https://en.wikipedia.org/w/index.php?title=List-labeling_problem&oldid=1087156667}",
    note = {[Online; accessed 16-October-2022]},
  }
 
 @misc{lecture8_video,
    author = {Demaine, Eric},
    title = {Lecture 8: Ordered Files & Cache-Oblivious Priority Queues},
    institution = "Computer Science & Artificial Intelligence Laboratory, Massachusetts Institute of Technology",
    series = "6.851 Advanced Data Structures",
    year = 2012,
    month = {03},
    howpublished = "\url{http://courses.csail.mit.edu/6.851/spring12/lectures/L08.html?notes=3}",
    note = {[Video lecture; accessed 16-October-2022]},
 }
 
 @misc{lecture8_notes,
    author = {Demaine, Eric and Razavi, Pedram and Georgiou, Thomas and Morgan, Tom},
    title = {Lecture 8 --- 13 March, 2012},
    institution = {Computer Science & Artificial Intelligence Laboratory, Massachusetts Institute of Technology},
    series = {6.851 Advanced Data Structures},
    year = {2012},
    month = {03},
    howpublished = {\url{http://courses.csail.mit.edu/6.851/spring12/scribe/lec8.pdf}},
    note = {[Scribe notes from lecture; accessed 16-October-2022]},
 }
 
  @misc{lecture20_notes,
    author = {Demaine, Eric and Bryant, Robert},
    title = {Lecture 20 --- Apr 30, 2007},
    institution = {Computer Science & Artificial Intelligence Laboratory, Massachusetts Institute of Technology},
    series = {6.851 Advanced Data Structures},
    year = {2007},
    month = {04},
    howpublished = {\url{http://courses.csail.mit.edu/6.851/spring07/scribe/lec20.pdf}},
    note = {[Scribe notes from lecture; accessed 16-October-2022]},
 }
 
 @misc{Kridl2022thesis,
        AUTHOR = {Krídl, Adam},
        TITLE = {Aktualizace a dotazování na dílčí pole vícerozměrných polí},
        YEAR = {2022},
        TYPE = {Bakalářská práce},
        INSTITUTION = {Masarykova univerzita, Fakulta informatiky},
        LOCATION = {Brno},
        SUPERVISOR = {Ivana Černá},
        URL = {https://is.muni.cz/th/k9gu2/},
        URL_DATE = {2022-11-08},
}
 